@book{highsmith,
  title={Agile software development ecosystems},
  author={Highsmith, James A.},
  edition={(Vol. 13)},
  year={2002},
  publisher={Addison-Wesley Professional}
}

@book{cockburn,
  title={Agile software development},
  author={Cockburn, Alistair},
  edition={(Vol. 177)},
  year={2002},
  publisher={Addison-Wesley Boston}

}

@book{schwabo,
  title={Agiles Projektmanagement mit Scrum},
  author={Schwaber, Ken},
  year={2012},
  publisher={Microsoft Press}
}

@online{manifest1,
  author = {Beck, Kent and Beedle, Mike and van Bennekum, Arie and Cockburn, Alistair and Cunningham, Ward and Fowler, Martin and Grenning, James and Highsmith, Jim and Hunt, Andrew and Jeffries, Ron and Kern, Jon and Marick, Brian and Martin, Robert C. and Mellor, Steve and Schwaber, Ken and Sutherland, Jeff and Thomas, Dave},
  title = {Manifest f√ºr Agile Softwareentwicklung},
  url = {http://agilemanifesto.org/iso/de/manifesto.html},
  year = {2001},
  note = "13.07.2017, 18:42"
}

@online{manifest2,
  author = {Beck, Kent and Beedle, Mike and van Bennekum, Arie and Cockburn, Alistair and Cunningham, Ward and Fowler, Martin and Grenning, James and Highsmith, Jim and Hunt, Andrew and Jeffries, Ron and Kern, Jon and Marick, Brian and Martin, Robert C. and Mellor, Steve and Schwaber, Ken and Sutherland, Jeff and Thomas, Dave},
  title = {Prinzipien hinter dem Agilen Manifest},
  url = {http://agilemanifesto.org/iso/de/principles.html},
  year = {2001},
  note = "13.07.2017, 18:41"
}

@online{internet1,
  author = {Novoseltseva, Ekaterina},
  title = {{Extreme Programming; Tips \& Advantages}},
  url = {https://apiumhub.com/tech-blog-barcelona/extreme-programming-tips-advantages/},
  day = {03},
  month = {02},  
  year = {2017},
  note = "29.06.2017, 22:30"
}

@online{internet2,
  author = {Karam, Lea},
  title = {{FDD; Its Processes \& Comparison To Other Agile Methodologies}},
  url = {https://apiumhub.com/tech-blog-barcelona/feature-driven-development/},
  day = {18},
  month = {05},  
  year = {2017},
  note = "29.06.2017, 22:34"
}

@online{internet3,
  author = {Karam, Lea},
  title = {{A Complete Scrum Sprint Explanation}},
  url = {https://apiumhub.com/tech-blog-barcelona/scrum-sprint-explanation/},
  day = {27},
  month = {10},  
  year = {2016},
  note = "29.06.2017, 22:35"
}

@online{scrumbild,
  author = {Costa, Rui},
  title = {Who, Where, What, When, Why and How to use Scrum - A simple guide},
  url = {https://www.linkedin.com/pulse/who-where-what-when-why-how-use-scrum-simple-guide-rui-costa},
  day = {02},
  month = {11},  
  year = {2016},
  note = "15.07.2017, 14:26"
}

@book{extreme,
  title={Extreme programming installed},
  author={Jeffries, Ron and {Anderson, Ann} and {Hendrickson, Chet}},
  year={2001},
  publisher={Addison-Wesley Professional}
}

@book{pichler,
  title={Agile Entwicklungspraktiken mit Scrum},
  author={Pichler, Roman und Roock, Stefan},
  year={2011},
  publisher={Dpunkt. verlag}
}

@article{nelson,
  title={Explicit risk management in agile processes},
  author={Nelson, Christopher R. and Taran, Gil and Lascurain Hinojosa, Lucia},
  journal={Agile Processes in Software Engineering and Extreme Programming},
  pages={190-201},
  year={2008},
  publisher={Springer}
}

@patent{interview,
  title = {Antwort von Bernd Rieter im Interview v. 01.07.2017},
  author={Rieter, Bernd},
  year={2017}
}